% Kilder med mere end én author skal separeres med ordet 'and' mellem ALLE authors
@misc{,
title = {},
author = {},
month = {},
year = {},
note = {\url{}}
}

@Book{rtsbog,
title = {Real-Time Embedded Systems: Open-Source Operating Systems Perspective},
publisher = {CRC Press},
author = {Ivan Cibrario Bertolotti and Gabriele Manduchi},
year = {2012},
isbn = {978-1-4398-4161-7}
}% eksempel, må gerne slettes


@misc{OSEK,
title = {{OSEK}/{VDX}: Driving the standard for optimized embedded systems},
author = {Michael O'Donell},
month = {Winter},
year = {2003},
note = {\url{http://embedded-computing.com/pdfs/Metrowerks.Win03.pdf}}
}% eksempel, må gerne slettes

@InBook{esc8,
author = {Rajesh Rajamani},
title = {Vehicle Dynamics and Control},
chapter = {8},
publisher = {Springer US}},
year = {2012},
isbn = {978-1-4614-1433-9},
pages = {201-240}
}% eksempel, må gerne slettes

@Article{eldiff,
author = {K. Hartani and M. Bourahla and Y. Miloud and M. Sekkour},
title = {Direct torque control of an electronic differential for electric  vehicle with separate wheel drives},
journal = {JASE},
year = {2008}
}% eksempel, må gerne slettes

